\usepackage[style=alphabetic,maxnames=4,minnames=3,maxbibnames=99]{biblatex}

%社区检测
@article{tsitseklis2020scalable,
    title     = {Scalable community detection for complex data graphs via hyperbolic network embedding and graph databases},
    author    = {Tsitseklis, Konstantinos and Krommyda, Maria and Karyotis, Vasileios and Kantere, Verena and Papavassiliou, Symeon},
    journal   = {IEEE Transactions on Network Science and Engineering},
    volume    = {8},
    number    = {2},
    pages     = {1269--1282},
    year      = {2020},
    publisher = {IEEE}
}
@inproceedings{beis2015benchmarking,
    title        = {Benchmarking graph databases on the problem of community detection},
    author       = {Beis, Sotirios and Papadopoulos, Symeon and Kompatsiaris, Yiannis},
    booktitle    = {New Trends in Database and Information Systems II: Selected papers of the 18th East European Conference on Advances in Databases and Information Systems and Associated Satellite Events, ADBIS 2014 Ohrid, Macedonia, September 7-10, 2014 Proceedings II},
    pages        = {3--14},
    year         = {2015},
    organization = {Springer}
}
%欺诈检测
@article{li2022internet,
    title     = {Internet financial fraud detection based on graph learning},
    author    = {Li, Ranran and Liu, Zhaowei and Ma, Yuanqing and Yang, Dong and Sun, Shuaijie},
    journal   = {IEEE Transactions on Computational Social Systems},
    volume    = {10},
    number    = {3},
    pages     = {1394--1401},
    year      = {2022},
    publisher = {IEEE}
}
@article{cheng2020graph,
    title     = {Graph neural network for fraud detection via spatial-temporal attention},
    author    = {Cheng, Dawei and Wang, Xiaoyang and Zhang, Ying and Zhang, Liqing},
    journal   = {IEEE Transactions on Knowledge and Data Engineering},
    volume    = {34},
    number    = {8},
    pages     = {3800--3813},
    year      = {2020},
    publisher = {IEEE}
}
@article{mao2022financial,
    title     = {Financial fraud detection using the related-party transaction knowledge graph},
    author    = {Mao, Xuting and Sun, Hao and Zhu, Xiaoqian and Li, Jianping},
    journal   = {Procedia Computer Science},
    volume    = {199},
    pages     = {733--740},
    year      = {2022},
    publisher = {Elsevier}
}
%知识图谱
@inproceedings{dong2014knowledge,
    title     = {Knowledge vault: A web-scale approach to probabilistic knowledge fusion},
    author    = {Dong, Xin and Gabrilovich, Evgeniy and Heitz, Geremy and Horn, Wilko and Lao, Ni and Murphy, Kevin and Strohmann, Thomas and Sun, Shaohua and Zhang, Wei},
    booktitle = {Proceedings of the 20th ACM SIGKDD international conference on Knowledge discovery and data mining},
    pages     = {601--610},
    year      = {2014}
}
@article{徐增林2016知识图谱技术综述,
    title   = {知识图谱技术综述},
    author  = {徐增林 and 盛泳潘 and 贺丽荣 and 王雅芳},
    journal = {电子科技大学学报},
    volume  = {45},
    number  = {4},
    pages   = {589--606},
    year    = {2016}
}
@article{黄恒琪2019知识图谱研究综述,
    title   = {知识图谱研究综述},
    author  = {黄恒琪 and 于娟 and 廖晓 and 席运江},
    journal = {计算机系统应用},
    volume  = {28},
    number  = {6},
    pages   = {1--12},
    year    = {2019}
}
%推荐系统
@article{秦川2020基于知识图谱的推荐系统研究综述,
    title   = {基于知识图谱的推荐系统研究综述},
    author  = {秦川 and 祝恒書 and 莊福振 and 郭慶宇 and 張琦 and 張樂 and 王超 and 陳恩紅 and 熊輝},
    journal = {中国科学: 信息科学= Scientia Sinica Informationis},
    pages   = {937},
    year    = {2020}
}
@article{刘佳玮2021基于异质信息网络的推荐系统研究综述,
    title   = {基于异质信息网络的推荐系统研究综述},
    author  = {刘佳玮 and 石川 and 杨成 and 菲利普 and others},
    journal = {信息安全学报},
    volume  = {6},
    number  = {5},
    pages   = {1--16},
    year    = {2021}
}
@article{赵俊逸2021协同过滤推荐系统综述,
    title   = {协同过滤推荐系统综述},
    author  = {赵俊逸 and 庄福振 and 敖翔 and 何清 and 蒋慧琴 and 马岭},
    journal = {Journal of Cyber Security 信息安全学报},
    volume  = {6},
    number  = {5},
    year    = {2021}
}
@article{wu2022graph,
    title     = {Graph neural networks in recommender systems: a survey},
    author    = {Wu, Shiwen and Sun, Fei and Zhang, Wentao and Xie, Xu and Cui, Bin},
    journal   = {ACM Computing Surveys},
    volume    = {55},
    number    = {5},
    pages     = {1--37},
    year      = {2022},
    publisher = {ACM New York, NY}
}
@article{fayyaz2020recommendation,
    title     = {Recommendation systems: Algorithms, challenges, metrics, and business opportunities},
    author    = {Fayyaz, Zeshan and Ebrahimian, Mahsa and Nawara, Dina and Ibrahim, Ahmed and Kashef, Rasha},
    journal   = {applied sciences},
    volume    = {10},
    number    = {21},
    pages     = {7748},
    year      = {2020},
    publisher = {MDPI}
}

%未来计划
@article{angles2018gcore,
    title   = {G-CORE: A Core for Future Graph Query Languages},
    author  = {Angles, Renzo and Arenas, Marcelo and Barcel{\'o}, Pablo and others},
    journal = {Proceedings of the VLDB Endowment},
    year    = {2018}
}

@article{han2021multimodal,
    title   = {Multimodal Data Integration for Enhanced Graph Analytics},
    author  = {Han, Jiawei and others},
    journal = {IEEE Transactions on Knowledge and Data Engineering},
    year    = {2021}
}

@article{lewis2020rag,
    title   = {Retrieval-Augmented Generation for Knowledge-Intensive NLP Tasks},
    author  = {Lewis, Patrick and others},
    journal = {Advances in Neural Information Processing Systems},
    year    = {2020}
}

@article{wu2020gnn,
    title   = {A Comprehensive Survey on Graph Neural Networks},
    author  = {Wu, Zonghan and others},
    journal = {IEEE Transactions on Neural Networks and Learning Systems},
    year    = {2020}
}

@article{xu2021graphRAG,
    title   = {Graph Neural Networks for Natural Language Processing: A Survey},
    author  = {Xu, Ke and others},
    journal = {IEEE Transactions on Pattern Analysis and Machine Intelligence},
    year    = {2021}
}
@misc{jiang2024reasoningenhancedhealthcarepredictionsknowledge,
    title         = {Reasoning-Enhanced Healthcare Predictions with Knowledge Graph Community Retrieval},
    author        = {Pengcheng Jiang and Cao Xiao and Minhao Jiang and Parminder Bhatia and Taha Kass-Hout and Jimeng Sun and Jiawei Han},
    year          = {2024},
    eprint        = {2410.04585},
    archiveprefix = {arXiv},
    primaryclass  = {cs.CL},
    url           = {https://arxiv.org/abs/2410.04585}
}

%好友推荐
@article{ahmad2020missing,
    title     = {Missing link prediction using common neighbor and centrality based parameterized algorithm},
    author    = {Ahmad, Iftikhar and Akhtar, Muhammad Usman and Noor, Salma and Shahnaz, Ambreen},
    journal   = {Scientific reports},
    volume    = {10},
    number    = {1},
    pages     = {364},
    year      = {2020},
    publisher = {Nature Publishing Group UK London}
}
@article{wang2022common,
    title     = {Common neighbors matter: fast random walk sampling with common neighbor awareness},
    author    = {Wang, Rui and Li, Yongkun and Lin, Shuai and Wu, WeiJie and Xie, Hong and Xu, Yinlong and Lui, John CS},
    journal   = {IEEE Transactions on Knowledge and Data Engineering},
    volume    = {35},
    number    = {5},
    pages     = {4570--4584},
    year      = {2022},
    publisher = {IEEE}
}